

@article{Lei,
 author = {Tao Lei, Regina Barzilay, and Tommi Jaakkola},
 title = {Rationalizing Neural Predictions},
 journal = {EMNLP},
 year = 2016
}

@inproceedings{Bowman,
  title = {Generating Sentences from a Continuous Space},
  author = {Samuel R. Bowman, Luke Vilnis, Oriol Vinyals, Andrew M. Dai, Rafal Jozefowicz, and Samy Bengio},
  booktitle={Conference on Computational Natural Language Learning},
  year={2016}
}